# https://scholar.google.com/citations?user=vCabh8oAAAAJ&hl=en&authuser=1
@article{li2021knowledge,
  title={Knowledge mapping-based adversarial domain adaptation: A novel fault diagnosis method with high generalizability under variable working conditions},
  author={Li, Qi and Shen, Changqing and Chen, Liang and Zhu, Zhongkui},
  journal={Mechanical Systems and Signal Processing},
  volume={147},
  pages={107095},
  year={2021},
  publisher={Academic Press}
}

@article{chen2021adversarial,
  title={Adversarial domain-invariant generalization: A generic domain-regressive framework for bearing fault diagnosis under unseen conditions},
  author={Chen, Liang and Li, Qi and Shen, Changqing and Zhu, Jun and Wang, Dong and Xia, Min},
  journal={IEEE Transactions on Industrial Informatics},
  volume={18},
  number={3},
  pages={1790--1800},
  year={2021},
  publisher={IEEE}
}

@article{li2019enhanced,
  title={Enhanced generative adversarial networks for fault diagnosis of rotating machinery with imbalanced data},
  author={Li, Qi and Chen, Liang and Shen, Changqing and Yang, Bingru and Zhu, Zhongkui},
  journal={Measurement Science and Technology},
  volume={30},
  number={11},
  pages={115005},
  year={2019},
  publisher={IOP Publishing}
}

@inproceedings{li2020adversarial,
  title={Adversarial multi-domain adaptation for machine fault diagnosis with variable working conditions},
  author={Li, Qi and Liu, Shuangjie and Yang, Bingru and Xu, Yiyun and Chen, Liang and Shen, Changqing},
  booktitle={2020 IEEE 18th International Conference on Industrial Informatics (INDIN)},
  volume={1},
  pages={737--741},
  year={2020},
  organization={IEEE}
}

@article{li2023cross,
  title={Cross-domain augmentation diagnosis: An adversarial domain-augmented generalization method for fault diagnosis under unseen working conditions},
  author={Li, Qi and Chen, Liang and Kong, Lin and Wang, Dong and Xia, Min and Shen, Changqing},
  journal={Reliability Engineering \& System Safety},
  volume={234},
  pages={109171},
  year={2023},
  publisher={Elsevier}
}

@article{liu2023physics,
  title={Physics-informed scaling evolutionary transformer for in-situ tool condition monitoring},
  author={Liu, Yuekai and Wang, Tianyang and Sun, Shilin and Li, Qi and Chu, Fulei},
  journal={IEEE/ASME Transactions on Mechatronics},
  volume={29},
  number={1},
  pages={647--658},
  year={2023},
  publisher={IEEE}
}

@article{sun2023short,
  title={Short-term multi-step wind power forecasting based on spatio-temporal correlations and transformer neural networks},
  author={Sun, Shilin and Liu, Yuekai and Li, Qi and Wang, Tianyang and Chu, Fulei},
  journal={Energy Conversion and Management},
  volume={283},
  pages={116916},
  year={2023},
  publisher={Elsevier}
}

@article{sun2023wind,
  title={Wind turbine blade breakage detection based on environment-adapted contrastive learning},
  author={Sun, Shilin and Li, Qi and Hu, Wenyang and Liang, Zhongchao and Wang, Tianyang and Chu, Fulei},
  journal={Renewable Energy},
  volume={219},
  pages={119487},
  year={2023},
  publisher={Pergamon}
}

@article{li2024transparent,
  title={Transparent operator network: A fully interpretable network incorporating learnable wavelet operator for intelligent fault diagnosis},
  author={Li, Qi and Li, Hua and Hu, Wenyang and Sun, Shilin and Qin, Zhaoye and Chu, Fulei},
  journal={IEEE Transactions on Industrial Informatics},
  volume={20},
  number={6},
  pages={8628--8638},
  year={2024},
  publisher={IEEE}
}

@inproceedings{li2023fully,
  title={A Fully Transparent Deep Signal Operator Network for Intelligent Fault Diagnosis},
  author={Li, Qi and Sun, Shilin and Hu, Wenyang and Li, Hua and Qin, Zhaoye and Chu, Fulei},
  booktitle={2023 Global Reliability and Prognostics and Health Management Conference (PHM-Hangzhou)},
  pages={1--5},
  year={2023},
  organization={IEEE}
}

@inproceedings{zhang2018unsupervised,
  title={An unsupervised method for rolling bearing fault diagnosis based on clustering and stacked auto-encoder},
  author={Zhang, Jinghua and Chen, Liang and Li, Qi and Zhuang, Yuxuan},
  booktitle={2018 International Conference on Sensing, Diagnostics, Prognostics, and Control (SDPC)},
  pages={1--5},
  year={2018},
  organization={IEEE}
}

@article{li2024deep,
  title={Deep expert network: A unified method toward knowledge-informed fault diagnosis via fully interpretable neuro-symbolic AI},
  author={Li, Qi and Liu, Yuekai and Sun, Shilin and Qin, Zhaoye and Chu, Fulei},
  journal={Journal of Manufacturing Systems},
  volume={77},
  pages={652--661},
  year={2024},
  publisher={Elsevier}
}

@article{chen2022lightweight,
  title={A lightweight and robust model for engineering cross-domain fault diagnosis via feature fusion-based unsupervised adversarial learning},
  author={Chen, Qitong and Chen, Liang and Li, Qi and Shi, Juanjuan and Zhu, Zhongkui and Shen, Changqing},
  journal={Measurement},
  volume={205},
  pages={112139},
  year={2022},
  publisher={Elsevier}
}

@article{chen2025couda,
  title={CoUDA: Continual Unsupervised Domain Adaptation for Industrial Fault Diagnosis Under Dynamic Working Conditions},
  author={Chen, Bojian and Zhang, Xinmin and Shen, Changqing and Li, Qi and Song, Zhihuan},
  journal={IEEE Transactions on Industrial Informatics},
  year={2025},
  publisher={IEEE}
}

@article{chen2024fault,
  title={Fault diagnosis for ball screws in industrial robots under variable and inaccessible working conditions with non-vibration signals},
  author={Chen, Qitong and Li, Qi and Wu, Sijia and Chen, Liang and Shen, Changqing},
  journal={Advanced Engineering Informatics},
  volume={62},
  pages={102617},
  year={2024},
  publisher={Elsevier}
}

@article{lin2025variance,
  title={Variance-steepest-descent deconvolution for machine fault diagnosis at low signal-to-noise ratios},
  author={Lin, Qijian and Li, Qi and Wang, Tianyang and Qin, Zhaoye and Chu, Fulei},
  journal={Mechanical Systems and Signal Processing},
  volume={232},
  pages={112759},
  year={2025},
  publisher={Elsevier}
}

@article{li2025transparent,
  title={Transparent information fusion network: An explainable network for multi-source bearing fault diagnosis via self-organized neural-symbolic nodes},
  author={Li, Qi and Qin, Lichang and Xu, Haifeng and Lin, Qijian and Qin, Zhaoye and Chu, Fulei},
  journal={Advanced Engineering Informatics},
  volume={65},
  pages={103156},
  year={2025},
  publisher={Elsevier}
}

@article{li2025hse,
  title={HSE: A plug-and-play module for unified fault diagnosis foundation models},
  author={Li, Qi and Chen, Bojian and Chen, Qitong and Li, Xuan and Qin, Zhaoye and Chu, Fulei},
  journal={Information Fusion},
  pages={103277},
  year={2025},
  publisher={Elsevier}
}

@article{lin2025variance,
  title={Variance-Arnoldi-deconvolution based fault feature extraction technique for rotating machinery with ultra-low SNR signals},
  author={Lin, Qijian and Li, Qi and Wang, Tianyang and Qin, Zhaoye and Chu, Fulei},
  journal={Measurement},
  pages={117975},
  year={2025},
  publisher={Elsevier}
}

@article{chu2023exploring,
  title={Exploring the essence of compound fault diagnosis: A novel multi-label domain adaptation method and its application to bearings},
  author={Chu, Liuxing and Li, Qi and Yang, Bingru and Chen, Liang and Shen, Changqing and Wang, Dong},
  journal={Heliyon},
  volume={9},
  number={3},
  year={2023},
  publisher={Elsevier}
}

@article{li2024vsllava,
  title={VSLLaVA: a pipeline of large multimodal foundation model for industrial vibration signal analysis},
  author={Li, Qi and Huang, Jinfeng and He, Hongliang and Zhang, Xinran and Zhang, Feibin and Qin, Zhaoye and Chu, Fulei},
  journal={arXiv preprint arXiv:2409.07482},
  year={2024}
}

@article{hu2025health,
  title={A health monitoring and early fault detection method of rotating machines based on latent variables of diffusion model},
  author={Hu, Wenyang and Li, Qi and Wang, Tianyang and Chu, Fulei},
  journal={Mechanical Systems and Signal Processing},
  volume={237},
  pages={113122},
  year={2025},
  publisher={Elsevier}
}